@article{Khatibi2021Model,
  title={Model predictive control of a non-isothermal axial dispersion tubular reactor with recycle},
  author={Khatibi, Seyedhamidreza and Cassol, Guilherme Ozorio and Dubljevic, Stevan},
  journal={Computers \& Chemical Engineering},
  volume={145},
  pages={107159},
  year={2021},
  publisher={Elsevier}
}

@article{aksikas2024spectral,
  title={Spectral-based optimal output-feedback boundary control of a cracking catalytic reactor PDE model},
  author={Aksikas, Ilyasse},
  journal={International Journal of Control},
  pages={1--10},
  year={2024},
  publisher={Taylor \& Francis}
}

@article{aksikas2013optimal,
  title={Optimal control of an advection-dominated catalytic fixed-bed reactor with catalyst deactivation},
  author={Aksikas, I and Mohammadi, L and Forbes, JF and Belhamadia, Y and Dubljevic, S},
  journal={Journal of Process Control},
  volume={23},
  number={10},
  pages={1508--1514},
  year={2013},
  publisher={Elsevier}
}

@article{dubljevic2006predictive1,
  title={Predictive control of parabolic PDEs with boundary control actuation},
  author={Dubljevic, Stevan and Christofides, Panagiotis D},
  journal={Chemical Engineering Science},
  volume={61},
  number={18},
  pages={6239--6248},
  year={2006},
  publisher={Elsevier}
}

@article{dubljevic2006predictive2,
  title={Predictive control of parabolic PDEs with state and control constraints},
  author={Dubljevic, Stevan and El-Farra, Nael H and Mhaskar, Prashant and Christofides, Panagiotis D},
  journal={International Journal of Robust and Nonlinear Control: IFAC-Affiliated Journal},
  volume={16},
  number={16},
  pages={749--772},
  year={2006},
  publisher={Wiley Online Library}
}

@article{moghadam2012infinite,
  title={Infinite-dimensional LQ optimal control of a dimethyl ether (DME) catalytic distillation column},
  author={Moghadam, Amir Alizadeh and Aksikas, Ilyasse and Dubljevic, Stevan and Forbes, J Fraser},
  journal={Journal of Process Control},
  volume={22},
  number={9},
  pages={1655--1669},
  year={2012},
  publisher={Elsevier}
}

@article{mohammadi2012lq,
  title={LQ-boundary control of a diffusion-convection-reaction system},
  author={Mohammadi, Leily and Aksikas, Ilyasse and Dubljevic, Stevan and Forbes, J Fraser},
  journal={International Journal of Control},
  volume={85},
  number={2},
  pages={171--181},
  year={2012},
  publisher={Taylor \& Francis}
}

@article{pakravesh2016characteristics,
  title={Characteristics-based model predictive control of selective catalytic reduction in diesel-powered vehicles},
  author={Pakravesh, H and Aksikas, I and Votsmeier, M and Dubljevic, S and Hayes, RE and Forbes, F},
  journal={Journal of Process Control},
  volume={47},
  pages={98--110},
  year={2016},
  publisher={Elsevier}
}

@article{christofides1998robust,
  title={Robust control of parabolic PDE systems},
  author={Christofides, Panagiotis D},
  journal={Chemical Engineering Science},
  volume={53},
  number={16},
  pages={2949--2965},
  year={1998},
  publisher={Elsevier}
}

@article{christofides1996feedback,
  title={Feedback control of hyperbolic PDE systems},
  author={Christofides, Panagiotis D and Daoutidis, Prodromos},
  journal={AIChE Journal},
  volume={42},
  number={11},
  pages={3063--3086},
  year={1996},
  publisher={Wiley Online Library}
}

@article{li2008optimal,
  title={Optimal control of diffusion-convection-reaction processes using reduced-order models},
  author={Li, Mingheng and Christofides, Panagiotis D},
  journal={Computers \& chemical engineering},
  volume={32},
  number={9},
  pages={2123--2135},
  year={2008},
  publisher={Elsevier}
}

@article{mohali2015observer,
  title={Review and classification of recent observers applied in chemical process systems},
  author={Ali, Jarinah Mohd and Hoang, N Ha and Hussain, Mohamed Azlan and Dochain, Denis},
  journal={Computers \& Chemical Engineering},
  volume={76},
  pages={27--41},
  year={2015},
  publisher={Elsevier}
}

@book{ray1981advanced,
  title={Advanced process control},
  author={Ray, W. H.},
  year={1981},
  publisher={McGraw-Hill: New York, NY, USA}
}

@article{davison1976robust,
  title={The robust control of a servomechanism problem for linear time-invariant multivariable systems},
  author={Davison, Edward},
  journal={IEEE transactions on Automatic Control},
  volume={21},
  number={1},
  pages={25--34},
  year={1976},
  publisher={IEEE}
}

@article{francis1977linear,
  title={The linear multivariable regulator problem},
  author={Francis, Bruce A},
  journal={SIAM Journal on Control and Optimization},
  volume={15},
  number={3},
  pages={486--505},
  year={1977},
  publisher={SIAM}
}

@article{xu2016state,
  title={The state feedback servo-regulator for countercurrent heat-exchanger system modelled by system of hyperbolic PDEs},
  author={Xu, Xiaodong and Dubljevic, Stevan},
  journal={European Journal of Control},
  volume={29},
  pages={51--61},
  year={2016},
  publisher={Elsevier}
}

@article{cassol2024chemostat,
  title={The chemostat reactor: A stability analysis and model predictive control},
  author={Cassol, Guilherme Ozorio and Koch, Charles Robert and Dubljevic, Stevan},
  journal={Journal of Process Control},
  volume={138},
  pages={103223},
  year={2024},
  publisher={Elsevier}
}

@article{cassol2019heat,
  title={Heat exchanger system boundary regulation},
  author={Cassol, Guilherme Ozorio and Ni, Dong and Dubljevic, Stevan},
  journal={AIChE Journal},
  volume={65},
  number={8},
  pages={e16623},
  year={2019},
  publisher={Wiley Online Library}
} % delayed feedback


@BOOK{Christofides2012book,
  title     = "Nonlinear and robust control of {PDE} systems",
  author    = "Christofides, Panagiotis D",
  publisher = "Springer",
  series    = "Systems \& Control: Foundations \& Applications",
  month     =  oct,
  year      =  2012,
  address   = "New York, NY",
  language  = "en"
}

@article{aksikas2009lq,
  title={LQ control design of a class of hyperbolic PDE systems: Application to fixed-bed reactor},
  author={Aksikas, Ilyasse and Fuxman, Adrian and Forbes, J Fraser and Winkin, Joseph J},
  journal={Automatica},
  volume={45},
  number={6},
  pages={1542--1548},
  year={2009},
  publisher={Elsevier}
}

@article{krstic2008backstepping,
  title={Backstepping boundary control for first-order hyperbolic PDEs and application to systems with actuator and sensor delays},
  author={Krstic, Miroslav and Smyshlyaev, Andrey},
  journal={Systems \& Control Letters},
  volume={57},
  number={9},
  pages={750--758},
  year={2008},
  publisher={Elsevier}
}

@article{xie2021discrete,
  title={Discrete-time modeling and output regulation of gas pipeline networks},
  author={Xie, Junyao and Dubljevic, Stevan},
  journal={Journal of Process Control},
  volume={98},
  pages={30--40},
  year={2021},
  publisher={Elsevier}
}

@article{zhang2022dynamic,
  title={Dynamic modeling and model predictive control of a continuous pulp digester},
  author={Zhang, Lu and Xie, Junyao and Dubljevic, Stevan},
  journal={AIChE Journal},
  volume={68},
  number={3},
  pages={e17534},
  year={2022},
  publisher={Wiley Online Library}
}

@article{zhang2023tracking,
  title={Tracking model predictive control and moving horizon estimation design of distributed parameter pipeline systems},
  author={Zhang, Lu and Xie, Junyao and Dubljevic, Stevan},
  journal={Computers \& Chemical Engineering},
  volume={178},
  pages={108381},
  year={2023},
  publisher={Elsevier}
}

@inbook{krstic2009delay,
  author         = {Krstić, Miroslav},
  chapter        = {1.8: `DDE or Transport PDE Representation'},
  series         = {Systems \& control},
  pages          = {9},
  publisher      = {Birkhäuser},
  booktitle      = {Delay compensation for nonlinear, adaptive, and PDE systems},
  year           = {2009}
} %delay PDE

@inbook{curtain2020introduction,
  author         =  {Curtain, Ruth and Zwart, Hans},
  chapter        =  {3.2: `Riesz-spectral operators'},
  pages          =  {79-108},
  title          =  {Introduction to infinite-dimensional systems theory: a state-space approach},
  volume         =  {71},
  year           =  {2020},
  publisher      =  {Springer Nature}
}

@book{morrisbook,
  title={Controller design for distributed parameter systems},
  author={Morris, Kirsten A},
  year={2020},
  publisher={Springer}
}

@INPROCEEDINGS{cassol2019discrete,
  author={Cassol, Guilherme Ozorio and Dubljevic, Stevan},
  booktitle={2019 American Control Conference (ACC)}, 
  title={Discrete Output Regulator Design for a Mono-tubular Reactor with Recycle}, 
  year={2019},
  volume={},
  number={},
  pages={1262-1267},
  keywords={Regulators;Stability analysis;Mathematical model;Eigenvalues and eigenfunctions;Recycling;Inductors;Output feedback},
  doi={10.23919/ACC.2019.8815250}
}

@book{levenspiel1998chemical,
  title={Chemical reaction engineering},
  author={Levenspiel, Octave},
  year={1998},
  publisher={John Wiley \& Sons}
}

@article{jensen1982bifurcation,
  title={The bifurcation behavior of tubular reactors},
  author={Jensen, Klavs F and Ray, W Harmon},
  journal={Chemical Engineering Science},
  volume={37},
  number={2},
  pages={199--222},
  year={1982},
  publisher={Elsevier}
}

@article{danckwerts1995continuous,
title = {Continuous flow systems: Distribution of residence times},
journal = {Chemical Engineering Science},
volume = {2},
number = {1},
pages = {1-13},
year = {1953},
issn = {0009-2509},
doi = {https://doi.org/10.1016/0009-2509(53)80001-1},
author = {P.V. Danckwerts}
}

@book{pdebook,
  title={Basic partial differential equations},
  author={Bleecker, David},
  year={2018},
  publisher={Chapman and Hall/CRC}
}

@article{Qi2021Output,
  title={Output feedback compensation to state and measurement delays for a first-order hyperbolic PIDE with recycle},
  author={Qi, Jie and Dubljevic, Stevan and Kong, Weijian},
  journal={Automatica},
  volume={128},
  pages={109565},
  year={2021},
  publisher={Elsevier}
}

@ARTICLE{2020SciPy,
  author  = {Virtanen, Pauli and Gommers, Ralf and Oliphant, Travis E. and
            Haberland, Matt and Reddy, Tyler and Cournapeau, David and
            Burovski, Evgeni and Peterson, Pearu and Weckesser, Warren and
            Bright, Jonathan and {van der Walt}, St{\'e}fan J. and
            Brett, Matthew and Wilson, Joshua and Millman, K. Jarrod and
            Mayorov, Nikolay and Nelson, Andrew R. J. and Jones, Eric and
            Kern, Robert and Larson, Eric and Carey, C J and
            Polat, {\.I}lhan and Feng, Yu and Moore, Eric W. and
            {VanderPlas}, Jake and Laxalde, Denis and Perktold, Josef and
            Cimrman, Robert and Henriksen, Ian and Quintero, E. A. and
            Harris, Charles R. and Archibald, Anne M. and
            Ribeiro, Ant{\^o}nio H. and Pedregosa, Fabian and
            {van Mulbregt}, Paul and {SciPy 1.0 Contributors}},
  title   = {{{SciPy} 1.0: Fundamental Algorithms for Scientific
            Computing in Python}},
  journal = {Nature Methods},
  year    = {2020},
  volume  = {17},
  pages   = {261--272},
  adsurl  = {https://rdcu.be/b08Wh},
  doi     = {10.1038/s41592-019-0686-2},
}

@article{RK45_1,
  title={A family of embedded Runge-Kutta formulae},
  author={Dormand, John R and Prince, Peter J},
  journal={Journal of computational and applied mathematics},
  volume={6},
  number={1},
  pages={19--26},
  year={1980},
  publisher={Elsevier}
}

@article{RK45_2,
  title={Some practical runge-kutta formulas},
  author={Shampine, Lawrence F},
  journal={Mathematics of computation},
  volume={46},
  number={173},
  pages={135--150},
  year={1986}
}

@article{moadeli2025optimal,
  title={Optimal control of axial dispersion tubular reactors with recycle: Addressing state-delay through transport PDEs},
  author={Moadeli, Behrad and Cassol, Guilherme Ozorio and Dubljevic, Stevan},
  journal={The Canadian Journal of Chemical Engineering},
  year={2025},
  publisher={Wiley Online Library}
}

@INPROCEEDINGS{moadeli2025acc,
  author={Moadeli, Behrad and Dubljevic, Stevan},
  booktitle={2025 American Control Conference (ACC)}, 
  title={Model Predictive Control of Axial Dispersion Tubular Reactors with Recycle: Addressing State-delay through Transport PDEs}, 
  year={2025},
  volume={},
  number={},
  pages={},
  keywords={},
  doi={}
}

@INPROCEEDINGS{moadeli2025ecc,
  author={Moadeli, Behrad and Dubljevic, Stevan},
  booktitle={2025 European Control Conference (ECC)}, 
  title={Observer-based MPC Design of an Axial Dispersion Tubular Reactor: Addressing Recycle Delays through Transport PDEs}, 
  year={2025},
  volume={},
  number={},
  pages={},
  keywords={},
  doi={}
}

@article{xie2022constrained,
  title={Constrained receding horizon output estimation of linear distributed parameter systems},
  author={Xie, Junyao and Humaloja, Jukka-Pekka and Koch, Charles Robert and Dubljevic, Stevan},
  journal={IEEE Transactions on Automatic Control},
  volume={68},
  number={8},
  pages={5103--5110},
  year={2022},
  publisher={IEEE}
}

@article{aksikas2017optimal,
  title={Optimal linear--quadratic control of coupled parabolic--hyperbolic PDEs},
  author={Aksikas, Ilyasse and Moghadam, A Alizadeh and Forbes, J Fraser},
  journal={International Journal of Control},
  volume={90},
  number={10},
  pages={2152--2164},
  year={2017},
  publisher={Taylor \& Francis}
}


@article{antoniades2000nonlinear,
  title={Non-linear feedback control of parabolic partial differential difference equation systems},
  author={Antoniades, Charalambos and Christofides, Panagiotis D},
  journal={International Journal of Control},
  volume={73},
  number={17},
  pages={1572--1591},
  year={2000},
  publisher={Taylor \& Francis}
}

@article{antoniades2001recycle,
  title={Studies on nonlinear dynamics and control of a tubular reactor with recycle},
  author={Antoniades, Charalambos and Christofides, Panagiotis D},
  journal={Nonlinear Analysis: Theory, Methods \& Applications},
  volume={47},
  number={9},
  pages={5933--5944},
  year={2001},
  publisher={Elsevier}
}

@article{armaou2002reduction,
  title={Dynamic optimization of dissipative PDE systems using nonlinear order reduction},
  author={Armaou, Antonios and Christofides, Panagiotis D},
  journal={Chemical engineering science},
  volume={57},
  number={24},
  pages={5083--5114},
  year={2002},
  publisher={Elsevier}
}

@article{badillo2019efficient,
  title={Efficient modeling of the nonlinear dynamics of tubular heterogeneous reactors},
  author={Badillo-Hernandez, Ulises and Alvarez, Jesus and Alvarez-Icaza, Luis},
  journal={Computers \& Chemical Engineering},
  volume={123},
  pages={389--406},
  year={2019},
  publisher={Elsevier}
}

@article{balas1979feedback,
  title={Feedback control of linear diffusion processes},
  author={Balas, Mark J},
  journal={International Journal of Control},
  volume={29},
  number={3},
  pages={523--534},
  year={1979},
  publisher={Taylor \& Francis}
}

@article{bildea2004design,
  title={Design of tubular reactors in recycle systems},
  author={Bildea, Costin S and Dimian, Alexandre C and Cruz, Susana C and Iedema, Piet D},
  journal={Computers \& chemical engineering},
  volume={28},
  number={1-2},
  pages={63--72},
  year={2004},
  publisher={Elsevier}
}

@article{bitzer2002observer,
  title={Design of a nonlinear distributed parameter observer for a pressure swing adsorption plant},
  author={Bitzer, Matthias and Zeitz, Michael},
  journal={Journal of process control},
  volume={12},
  number={4},
  pages={533--543},
  year={2002},
  publisher={Elsevier}
}

@article{bizon2008pod,
  title={On POD reduced models of tubular reactor with periodic regimes},
  author={Bizon, Katarzyna and Continillo, Gaetano and Russo, Lucia and Smu{\l}a, Joanna},
  journal={Computers \& Chemical Engineering},
  volume={32},
  number={6},
  pages={1305--1315},
  year={2008},
  publisher={Elsevier}
}

@article{bovskovic2002backstepping,
  title={Backstepping control of chemical tubular reactors},
  author={Bo{\v{s}}kovi{\'c}, Dejan M and Krsti{\'c}, Miroslav},
  journal={Computers \& chemical engineering},
  volume={26},
  number={7-8},
  pages={1077--1085},
  year={2002},
  publisher={Elsevier}
}

@article{bonis2012mpc,
  title={A linear model predictive control algorithm for nonlinear large-scale distributed parameter systems},
  author={Bonis, Ioannis and Xie, Weiguo and Theodoropoulos, Constantinos},
  journal={AIChE Journal},
  volume={58},
  number={3},
  pages={801--811},
  year={2012},
  publisher={Wiley Online Library}
}

@article{christofides1997manifolds,
  title={Finite-dimensional control of parabolic PDE systems using approximate inertial manifolds},
  author={Christofides, Panagiotis D and Daoutidis, Prodromos},
  journal={Journal of mathematical analysis and applications},
  volume={216},
  number={2},
  pages={398--420},
  year={1997},
  publisher={Elsevier}
}

@article{cohen1974lumping,
  title={Tubular chemical reactors: the “lumping approximation” and bifurcation of oscillatory states},
  author={Cohen, Donald S and Poore, Aubrey B},
  journal={SIAM Journal on Applied Mathematics},
  volume={27},
  number={3},
  pages={416--429},
  year={1974},
  publisher={SIAM}
}

@article{curtain1982compensator,
  title={Finite-dimensional compensator design for parabolic distributed systems with point sensors and boundary input},
  author={Curtain, Ruth},
  journal={IEEE Transactions on Automatic Control},
  volume={27},
  number={1},
  pages={98--104},
  year={1982},
  publisher={IEEE}
}

@article{dochain2018multiplicity,
  title={Analysis of the multiplicity of steady-state profiles of two tubular reactor models},
  author={Dochain, Denis},
  journal={Computers \& Chemical Engineering},
  volume={114},
  pages={318--324},
  year={2018},
  publisher={Elsevier}
}

@article{dufour2003drying,
  title={On nonlinear distributed parameter model predictive control strategy: on-line calculation time reduction and application to an experimental drying process},
  author={Dufour, Pascal and Tour{\'e}, Youssoufi and Blanc, Denise and Laurent, Pierre},
  journal={Computers \& chemical engineering},
  volume={27},
  number={11},
  pages={1533--1542},
  year={2003},
  publisher={Elsevier}
}

@book{franklin1998digital,
  title={Digital control of dynamic systems},
  author={Franklin, Gene F and Powell, J David and Workman, Michael L and others},
  volume={3},
  year={1998},
  publisher={Addison-wesley Menlo Park}
}

@article{georgakis1977tubular,
  title={Studies in the control of tubular reactors-I general considerations},
  author={Georgakis, C and Aris, R and Amundson, Neal R},
  journal={Chemical Engineering Science},
  volume={32},
  number={11},
  pages={1359--1369},
  year={1977},
  publisher={Elsevier}
}

@article{hastir2019equilibria,
  title={Analysis of the existence of equilibrium profiles in nonisothermal axial dispersion tubular reactors},
  author={Hastir, Anthony and Lamoline, Fran{\c{c}}ois and Winkin, Joseph J and Dochain, Denis},
  journal={IEEE Transactions on Automatic Control},
  volume={65},
  number={4},
  pages={1525--1536},
  year={2019},
  publisher={IEEE}
}

@article{heinemann1982activation,
  title={The effect of activation energy on tubular reactor multiplicity},
  author={Heinemann, Robert F and Poore, Aubrey B},
  journal={Chemical Engineering Science},
  volume={37},
  number={1},
  pages={128--131},
  year={1982},
  publisher={Elsevier}
}

@article{hlavacek1970multiplicity,
  title={Modeling of chemical reactors—XVII Steady state axial heat and mass transfer in tubular reactors numerical investigation of multiplicity},
  author={Hlavacek, V and Hofmann, H},
  journal={Chemical Engineering Science},
  volume={25},
  number={1},
  pages={187--199},
  year={1970},
  publisher={Elsevier}
}

@article{hlavacek1970uniqueness,
  title={Modeling of chemical reactors—XVI Steady state axial heat and mass transfer in tubular reactors An analysis of the uniqueness of solutions},
  author={Hlavacek, V and Hofmann, H},
  journal={Chemical Engineering Science},
  volume={25},
  number={1},
  pages={173--185},
  year={1970},
  publisher={Elsevier}
}

@article{kazantzis1999epc,
  title={Energy-predictive control: a new synthesis approach for nonlinear process control},
  author={Kazantzis, Nikolaos and Kravaris, Costas},
  journal={Chemical engineering science},
  volume={54},
  number={11},
  pages={1697--1709},
  year={1999},
  publisher={Elsevier}
}

@article{liu2004bifurcation,
  title={On the use of reduced order models in bifurcation analysis of distributed parameter systems},
  author={Liu, Yi and Jacobsen, Elling W},
  journal={Computers \& Chemical Engineering},
  volume={28},
  number={1-2},
  pages={161--169},
  year={2004},
  publisher={Elsevier}
}

@article{luss1967stability,
  title={Stability of loop reactors},
  author={Luss, Dan and Amundson, Neal R},
  journal={AIChE Journal},
  volume={13},
  number={2},
  pages={279--290},
  year={1967},
  publisher={Wiley Online Library}
}

@article{marwaha2003hotzones,
  title={Hot zones formation in packed bed reactors},
  author={Marwaha, B and Luss, D},
  journal={Chemical engineering science},
  volume={58},
  number={3-6},
  pages={733--738},
  year={2003},
  publisher={Elsevier}
}

@article{mayne2014mpc,
  title={Model predictive control: Recent developments and future promise},
  author={Mayne, David Q},
  journal={Automatica},
  volume={50},
  number={12},
  pages={2967--2986},
  year={2014},
  publisher={Elsevier}
}

@article{muske1993mpc,
  title={Model predictive control with linear models},
  author={Muske, Kenneth R and Rawlings, James B},
  journal={AIChE Journal},
  volume={39},
  number={2},
  pages={262--287},
  year={1993},
  publisher={Wiley Online Library}
}

@book{rawlings2017book,
  title={Model predictive control: theory, computation, and design},
  author={Rawlings, James Blake and Mayne, David Q and Diehl, Moritz and others},
  volume={2},
  year={2017},
  publisher={Nob Hill Publishing Madison, WI}
}

@incollection{varma1977review,
  title={Stirred pots and empty tubes},
  author={Varma, A an and Aris, R},
  booktitle={Chemical Reactor Theory},
  pages={79--154},
  year={1977},
  publisher={Prentice-Hall Englewood Cliffs, New Jersey}
}

@article{xie2019observer,
  title={Observer and filter design for linear transport-reaction systems},
  author={Xie, Junyao and Xu, Qingqing and Ni, Dong and Dubljevic, Stevan},
  journal={European Journal of Control},
  volume={49},
  pages={26--43},
  year={2019},
  publisher={Elsevier}
}

@article{havu2007cayley,
  title={The Cayley transform as a time discretization scheme},
  author={Havu, Ville and Malinen, Jarmo},
  journal={Numerical Functional Analysis and Optimization},
  volume={28},
  number={7-8},
  pages={825--851},
  year={2007},
  publisher={Taylor \& Francis}
}

@article{xu2017linear,
  title={Linear model predictive control for transport-reaction processes},
  author={Xu, Qingqing and Dubljevic, Stevan},
  journal={AIChE Journal},
  volume={63},
  number={7},
  pages={2644--2659},
  year={2017},
  publisher={Wiley Online Library}
}

@article{hairer2006geometric,
  title={Geometric numerical integration},
  author={Hairer, Ernst and Hochbruck, Marlis and Iserles, Arieh and Lubich, Christian},
  journal={Oberwolfach Reports},
  volume={3},
  number={1},
  pages={805--882},
  year={2006}
}


@article{dochain2000state,
  title={State observers for tubular reactors with unknown kinetics},
  author={Dochain, Denis},
  journal={Journal of process control},
  volume={10},
  number={2-3},
  pages={259--268},
  year={2000},
  publisher={Elsevier}
}

@article{dochain2001state,
  title={State observation and adaptive linearizing control for distributed parameter (bio) chemical reactors},
  author={Dochain, Denis},
  journal={International Journal of Adaptive Control and Signal Processing},
  volume={15},
  number={6},
  pages={633--653},
  year={2001},
  publisher={Wiley Online Library}
}

@article{alonso2004optimal,
  title={Optimal sensor location and reduced order observer design for distributed process systems},
  author={Alonso, Antonio A and Kevrekidis, Ioannis G and Banga, Julio R and Frouzakis, Christos E},
  journal={Computers \& chemical engineering},
  volume={28},
  number={1-2},
  pages={27--35},
  year={2004},
  publisher={Elsevier}
}

@article{Ali2015Review,
  title={Review and classification of recent observers applied in chemical process systems},
  author={Ali, Jarinah Mohd and Hoang, N Ha and Hussain, Mohamed Azlan and Dochain, Denis},
  journal={Computers \& Chemical Engineering},
  volume={76},
  pages={27--41},
  year={2015},
  publisher={Elsevier}
}

@ARTICLE{hiratsuka1969optimal,
  author={Hiratsuka, S. and Ichikawa, A.},
  journal={IEEE Transactions on Automatic Control}, 
  title={Optimal control of systems with transportation lags}, 
  year={1969},
  volume={14},
  number={3},
  pages={237-247},
  keywords={Optimal control;Transportation;Differential equations;Delay effects;Partial differential equations;Control systems;Difference equations;Calculus;Linear systems;Laboratories},
  doi={10.1109/TAC.1969.1099175}
}
