@Article{Khatibi2021Model,
  author    = {Khatibi, Seyedhamidreza and Cassol, Guilherme Ozorio and Dubljevic, Stevan},
  journal   = {Computers \& Chemical Engineering},
  title     = {Model predictive control of a non-isothermal axial dispersion tubular reactor with recycle},
  year      = {2021},
  issn      = {0098-1354},
  pages     = {107159},
  volume    = {145},
  doi       = {10.1016/j.compchemeng.2020.107159},
  publisher = {Elsevier},
}

@Article{Aksikas2024Spectral,
  author    = {Aksikas, Ilyasse},
  journal   = {International Journal of Control},
  title     = {Spectral-based optimal output-feedback boundary control of a cracking catalytic reactor {PDE} model},
  year      = {2024},
  issn      = {0020-7179},
  number    = {12},
  pages     = {1--10},
  volume    = {97},
  doi       = {10.1080/00207179.2024.2302057},
  publisher = {Taylor \& Francis},
}

@Article{Aksikas2013Optimal,
  author    = {I. Aksikas and L. Mohammadi and J. F. Forbes and Y. Belhamadia and S. Dubljevic},
  journal   = {Journal of Process Control},
  title     = {Optimal control of an advection-dominated catalytic fixed-bed reactor with catalyst deactivation},
  year      = {2013},
  issn      = {0959-1524},
  number    = {10},
  pages     = {1508-1514},
  volume    = {23},
  doi       = {10.1016/j.jprocont.2013.09.016},
  publisher = {Elsevier BV},
}

@Article{Dubljevic2006Predictive,
  author    = {Stevan Dubljevic and Panagiotis D. Christofides},
  journal   = {Chemical Engineering Science},
  title     = {Predictive control of parabolic {PDE}s with boundary control actuation},
  year      = {2006},
  issn      = {0009-2509},
  number    = {18},
  pages     = {6239-6248},
  volume    = {61},
  doi       = {10.1016/j.ces.2006.05.041},
  publisher = {Elsevier BV},
}

@Article{Dubljevic2006Predictivea,
  author    = {Stevan Dubljevic and Nael H. El‐Farra and Prashant Mhaskar and Panagiotis D. Christofides},
  journal   = {International Journal of Robust and Nonlinear Control},
  title     = {Predictive control of parabolic {PDE}s with state and control constraints},
  year      = {2006},
  issn      = {1049-8923},
  number    = {16},
  pages     = {749-772},
  volume    = {16},
  doi       = {10.1002/rnc.1097},
  publisher = {Wiley},
}

@Article{Moghadam2012Infinite,
  author    = {Amir Alizadeh Moghadam and Ilyasse Aksikas and Stevan Dubljevic and J. Fraser Forbes},
  journal   = {Journal of Process Control},
  title     = {Infinite-dimensional {LQ} optimal control of a dimethyl ether ({DME}) catalytic distillation column},
  year      = {2012},
  issn      = {0959-1524},
  number    = {9},
  pages     = {1655-1669},
  volume    = {22},
  doi       = {10.1016/j.jprocont.2012.06.018},
  publisher = {Elsevier BV},
}

@Article{Mohammadi2012LQ,
  author    = {Leily Mohammadi and Ilyasse Aksikas and Stevan Dubljevic and J. Fraser Forbes},
  journal   = {International Journal of Control},
  title     = {{LQ}-boundary control of a diffusion-convection-reaction system},
  year      = {2012},
  issn      = {0959-1524},
  number    = {2},
  pages     = {171-181},
  volume    = {85},
  doi       = {10.1080/00207179.2011.642308},
  publisher = {Taylor \& Francis},
}

@Article{Pakravesh2016Characteristics,
  author    = {H. Pakravesh and I. Aksikas and M. Votsmeier and S. Dubljevic and R. E. Hayes and F. Forbes},
  journal   = {Journal of Process Control},
  title     = {Characteristics-based model predictive control of selective catalytic reduction in diesel-powered vehicles},
  year      = {2016},
  issn      = {0959-1524},
  pages     = {98-110},
  volume    = {47},
  doi       = {10.1016/j.jprocont.2016.09.008},
  publisher = {Elsevier BV},
}

@Article{Christofides1998Robust,
  author    = {Panagiotis D. Christofides},
  journal   = {Chemical Engineering Science},
  title     = {Robust control of parabolic {PDE} systems},
  year      = {1998},
  issn      = {2324-9749},
  number    = {16},
  pages     = {2949--2965},
  volume    = {53},
  doi       = {10.1007/978-1-4612-0185-4_5},
  publisher = {Elsevier},
}

@Article{Christofides1996Feedback,
  author    = {Panagiotis D. Christofides and Prodromos Daoutidis},
  journal   = {AIChE Journal},
  title     = {Feedback control of hyperbolic {PDE} systems},
  year      = {1996},
  issn      = {0001-1541},
  number    = {11},
  pages     = {3063-3086},
  volume    = {42},
  doi       = {10.1002/aic.690421108},
  publisher = {Wiley Online Library},
}

@Article{Li2008Optimal,
  author    = {Mingheng Li and Panagiotis D. Christofides},
  journal   = {Computers \& Chemical Engineering},
  title     = {Optimal control of diffusion-convection-reaction processes using reduced-order models},
  year      = {2008},
  issn      = {0098-1354},
  number    = {9},
  pages     = {2123-2135},
  volume    = {32},
  doi       = {10.1016/j.compchemeng.2007.10.018},
  publisher = {Elsevier BV},
}

@Book{Ray1981Advanced,
  author    = {Ray, W. H.},
  publisher = {McGraw-Hill: New York, NY, USA},
  title     = {Advanced process control},
  year      = {1981},
}

@Article{Davison1976robust,
  author    = {Davison, Edward},
  journal   = {IEEE transactions on Automatic Control},
  title     = {The robust control of a servomechanism problem for linear time-invariant multivariable systems},
  year      = {1976},
  issn      = {0018-9286},
  number    = {1},
  pages     = {25--34},
  volume    = {21},
  doi       = {10.1109/tac.1976.1101137},
  publisher = {IEEE},
}

@Article{Francis1977linear,
  author    = {Bruce A. Francis},
  journal   = {SIAM Journal on Control and Optimization},
  title     = {The linear multivariable regulator problem},
  year      = {1977},
  issn      = {0363-0129},
  number    = {3},
  pages     = {486-505},
  volume    = {15},
  doi       = {10.1137/0315033},
  publisher = {Society for Industrial \& Applied Mathematics (SIAM)},
}

@Article{Xu2016state,
  author    = {Xu, Xiaodong and Dubljevic, Stevan},
  journal   = {European Journal of Control},
  title     = {The state feedback servo-regulator for countercurrent heat-exchanger system modelled by system of hyperbolic {PDE}s},
  year      = {2016},
  issn      = {0947-3580},
  pages     = {51--61},
  volume    = {29},
  doi       = {10.1016/j.ejcon.2016.02.002},
  publisher = {Elsevier},
}

@Article{Cassol2024chemostat,
  author    = {Cassol, Guilherme Ozorio and Koch, Charles Robert and Dubljevic, Stevan},
  journal   = {Journal of Process Control},
  title     = {The chemostat reactor: A stability analysis and model predictive control},
  year      = {2024},
  issn      = {0959-1524},
  pages     = {103223},
  volume    = {138},
  doi       = {10.1016/j.jprocont.2024.103223},
  publisher = {Elsevier},
}

@Article{Cassol2019Heat,
  author    = {Cassol, Guilherme Ozorio and Ni, Dong and Dubljevic, Stevan},
  journal   = {AIChE Journal},
  title     = {Heat exchanger system boundary regulation},
  year      = {2019},
  issn      = {0001-1541},
  number    = {8},
  pages     = {e16623},
  volume    = {65},
  doi       = {10.1002/aic.16623},
  publisher = {Wiley Online Library},
}

% delayed feedback


@Book{Christofides2012Nonlinear,
  author    = {Panagiotis D. Christofides},
  publisher = {Springer},
  title     = {Nonlinear and robust control of {PDE} systems},
  year      = {2012},
  address   = {New York, NY},
  month     = oct,
  series    = {Systems \& Control: Foundations \& Applications},
}

@Article{Aksikas2009LQ,
  author    = {Ilyasse Aksikas and Adrian Fuxman and J. Fraser Forbes and Joseph J. Winkin},
  journal   = {Automatica},
  title     = {{LQ} control design of a class of hyperbolic {PDE} systems: Application to fixed-bed reactor},
  year      = {2009},
  issn      = {0005-1098},
  number    = {6},
  pages     = {1542-1548},
  volume    = {45},
  doi       = {10.1016/j.automatica.2009.02.017},
  publisher = {Elsevier BV},
}

@Article{Krstic2008Backstepping,
  author    = {Krstic, Miroslav and Smyshlyaev, Andrey},
  journal   = {Systems \& Control Letters},
  title     = {Backstepping boundary control for first-order hyperbolic {PDE}s and application to systems with actuator and sensor delays},
  year      = {2008},
  issn      = {0167-6911},
  number    = {9},
  pages     = {750--758},
  volume    = {57},
  doi       = {10.1016/j.sysconle.2008.02.005},
  publisher = {Elsevier},
}

@Article{Xie2021Discrete,
  author    = {Xie, Junyao and Dubljevic, Stevan},
  journal   = {Journal of Process Control},
  title     = {Discrete-time modeling and output regulation of gas pipeline networks},
  year      = {2021},
  issn      = {0959-1524},
  pages     = {30--40},
  volume    = {98},
  doi       = {10.1016/j.jprocont.2020.12.002},
  publisher = {Elsevier},
}

@Article{Zhang2022Dynamic,
  author    = {Zhang, Lu and Xie, Junyao and Dubljevic, Stevan},
  journal   = {AIChE Journal},
  title     = {Dynamic modeling and model predictive control of a continuous pulp digester},
  year      = {2022},
  number    = {3},
  pages     = {e17534},
  volume    = {68},
  doi       = {10.22541/au.164841554.43817131/v1},
  publisher = {Wiley Online Library},
}

@Article{Zhang2023Tracking,
  author    = {Zhang, Lu and Xie, Junyao and Dubljevic, Stevan},
  journal   = {Computers \& Chemical Engineering},
  title     = {Tracking model predictive control and moving horizon estimation design of distributed parameter pipeline systems},
  year      = {2023},
  issn      = {0098-1354},
  pages     = {108381},
  volume    = {178},
  doi       = {10.1016/j.compchemeng.2023.108381},
  publisher = {Elsevier},
}

@Book{Krstic2009Delay,
  author    = {Krstić, Miroslav},
  publisher = {Birkhäuser},
  year      = {2009},
  series    = {Systems \& control},
  booktitle = {Delay compensation for nonlinear, adaptive, and {PDE} systems},
}

@Book{Curtain2020Introduction,
  author    = {Curtain, Ruth and Zwart, Hans},
  publisher = {Springer Nature},
  booktitle = {Introduction to infinite-dimensional systems theory: a state-space approach},
  year      = {2020},
  doi       = {10.1007/978-1-0716-0590-5_1},
  issn      = {0939-2475},
}

@Book{Morris2020Controller,
  author    = {Kirsten A. Morris},
  publisher = {Springer},
  title     = {Controller design for distributed parameter systems},
  year      = {2020},
  doi       = {10.1007/978-3-030-34949-3_7},
  issn      = {0178-5354},
}

@InProceedings{Cassol2019Discrete,
  author    = {Cassol, Guilherme Ozorio and Dubljevic, Stevan},
  booktitle = {2019 American Control Conference (ACC)},
  title     = {Discrete Output Regulator Design for a Mono-tubular Reactor with Recycle},
  year      = {2019},
  pages     = {1262-1267},
  publisher = {IEEE},
  doi       = {10.23919/acc.2019.8815250},
  journal   = {2019 American Control Conference (ACC)},
  keywords  = {Regulators;Stability analysis;Mathematical model;Eigenvalues and eigenfunctions;Recycling;Inductors;Output feedback},
}

@Book{Levenspiel1998Chemical,
  author    = {Levenspiel, Octave},
  publisher = {John Wiley \& Sons},
  title     = {Chemical reaction engineering},
  year      = {1998},
}

@Article{Jensen1982bifurcation,
  author    = {Klavs F. Jensen and W. Harmon Ray},
  journal   = {Chemical Engineering Science},
  title     = {The bifurcation behavior of tubular reactors},
  year      = {1982},
  issn      = {0009-2509},
  number    = {2},
  pages     = {199--222},
  volume    = {37},
  doi       = {10.1016/0009-2509(82)80155-3},
  publisher = {Elsevier BV},
}

@Article{Danckwerts1953Continuous,
  author    = {P. V. Danckwerts},
  journal   = {Chemical Engineering Science},
  title     = {Continuous flow systems: Distribution of residence times},
  year      = {1953},
  issn      = {0009-2509},
  number    = {1},
  pages     = {1-13},
  volume    = {2},
  doi       = {10.1016/0009-2509(53)80001-1},
  publisher = {Elsevier BV},
}

@Book{Bleecker2018Basic,
  author    = {Bleecker, David},
  publisher = {Chapman and Hall/CRC},
  title     = {Basic partial differential equations},
  year      = {2018},
}

@Article{Qi2021Output,
  author    = {Qi, Jie and Dubljevic, Stevan and Kong, Weijian},
  journal   = {Automatica},
  title     = {Output feedback compensation to state and measurement delays for a first-order hyperbolic {PIDE} with recycle},
  year      = {2021},
  issn      = {0005-1098},
  pages     = {109565},
  volume    = {128},
  doi       = {10.1016/j.automatica.2021.109565},
  publisher = {Elsevier},
}

@Article{Virtanen2020SciPy,
  author    = {Pauli Virtanen and Ralf Gommers and Travis E. Oliphant and Matt Haberland and Tyler Reddy and David Cournapeau and Evgeni Burovski and Pearu Peterson and Warren Weckesser and Jonathan Bright and Stéfan J. van der Walt and Matthew Brett and Joshua Wilson and K. Jarrod Millman and Nikolay Mayorov and Andrew R. J. Nelson and Eric Jones and Robert Kern and Eric Larson and C. J. Carey and İlhan Polat and Yu Feng and Eric W. Moore and Jake VanderPlas and Denis Laxalde and Josef Perktold and Robert Cimrman and Ian Henriksen and E. A. Quintero and Charles R. Harris and Anne M. Archibald and Antônio H. Ribeiro and Fabian Pedregosa and Paul van Mulbregt},
  journal   = {Nature Methods},
  title     = {{{SciPy} 1.0: Fundamental Algorithms for Scientific Computing in Python}},
  year      = {2020},
  issn      = {1548-7091},
  number    = {3},
  pages     = {261--272},
  volume    = {17},
  adsurl    = {https://rdcu.be/b08Wh},
  doi       = {10.1038/s41592-019-0686-2},
  publisher = {Springer Science and Business Media LLC},
}

@Article{Dormand1980family,
  author    = {J. R. Dormand and P. J. Prince},
  journal   = {Journal of computational and applied mathematics},
  title     = {A family of embedded {Runge-Kutta} formulae},
  year      = {1980},
  issn      = {0377-0427},
  number    = {1},
  pages     = {19-26},
  volume    = {6},
  doi       = {10.1016/0771-050x(80)90013-3},
  publisher = {Elsevier BV},
}

@Article{Shampine1986Some,
  author    = {Lawrence F. Shampine},
  journal   = {Mathematics of computation},
  title     = {Some Practical {Runge-Kutta} Formulas},
  year      = {1986},
  issn      = {0025-5718},
  number    = {173},
  pages     = {135--150},
  volume    = {46},
  doi       = {10.2307/2008219},
  publisher = {JSTOR},
}

@Article{Moadeli2025Optimal,
  author    = {Moadeli, Behrad and Cassol, Guilherme Ozorio and Dubljevic, Stevan},
  journal   = {The Canadian Journal of Chemical Engineering},
  title     = {Optimal control of axial dispersion tubular reactors with recycle: Addressing state-delay through transport {PDE}s},
  year      = {2025},
  issn      = {0008-4034},
  number    = {8},
  pages     = {3751-3766},
  volume    = {103},
  doi       = {10.1002/cjce.25629},
  publisher = {Wiley Online Library},
}

@Article{Xie2022Constrained,
  author    = {Xie, Junyao and Humaloja, Jukka-Pekka and Koch, Charles Robert and Dubljevic, Stevan},
  journal   = {IEEE Transactions on Automatic Control},
  title     = {Constrained receding horizon output estimation of linear distributed parameter systems},
  year      = {2022},
  issn      = {0018-9286},
  number    = {8},
  pages     = {5103--5110},
  volume    = {68},
  doi       = {10.1109/tac.2022.3217111},
  publisher = {IEEE},
}

@Article{Aksikas2017Optimal,
  author    = {Ilyasse Aksikas and Amir Alizadeh Moghadam and Fraser Forbes},
  journal   = {International Journal of Control},
  title     = {Optimal linear--quadratic control of coupled parabolic--hyperbolic {PDE}s},
  year      = {2017},
  number    = {10},
  pages     = {2152--2164},
  volume    = {90},
  doi       = {10.1109/icca.2017.8003083},
  publisher = {IEEE},
}


@Article{Antoniades2000Non,
  author    = {Charalambos Antoniades and Panagiotis D. Christofides},
  journal   = {International Journal of Control},
  title     = {Non-linear feedback control of parabolic partial differential difference equation systems},
  year      = {2000},
  issn      = {0020-7179},
  number    = {17},
  pages     = {1572-1591},
  volume    = {73},
  doi       = {10.1080/00207170050197696},
  publisher = {Taylor \& Francis},
}

@Article{Antoniades2001Studies,
  author    = {Charalambos Antoniades and Panagiotis D. Christofides},
  journal   = {Nonlinear Analysis: Theory, Methods \& Applications},
  title     = {Studies on nonlinear dynamics and control of a tubular reactor with recycle},
  year      = {2001},
  issn      = {0362-546X},
  number    = {9},
  pages     = {5933-5944},
  volume    = {47},
  doi       = {10.1016/s0362-546x(01)00699-x},
  publisher = {Elsevier BV},
}

@Article{Armaou2002Dynamic,
  author    = {Antonios Armaou and Panagiotis D. Christofides},
  journal   = {Chemical Engineering Science},
  title     = {Dynamic optimization of dissipative {PDE} systems using nonlinear order reduction},
  year      = {2002},
  issn      = {0009-2509},
  number    = {24},
  pages     = {5083-5114},
  volume    = {57},
  doi       = {10.1016/s0009-2509(02)00419-0},
  publisher = {Elsevier BV},
}

@Article{BadilloHernandez2019Efficient,
  author    = {Badillo-Hernandez, Ulises and Alvarez, Jesus and Alvarez-Icaza, Luis},
  journal   = {Computers \& Chemical Engineering},
  title     = {Efficient modeling of the nonlinear dynamics of tubular heterogeneous reactors},
  year      = {2019},
  issn      = {0098-1354},
  pages     = {389--406},
  volume    = {123},
  doi       = {10.1016/j.compchemeng.2019.01.018},
  publisher = {Elsevier},
}

@Article{Balas1979Feedback,
  author    = {Mark J. Balas},
  journal   = {International Journal of Control},
  title     = {Feedback control of linear diffusion processes},
  year      = {1979},
  number    = {3},
  pages     = {523-534},
  volume    = {29},
  doi       = {10.1016/b978-0-12-734250-4.50041-2},
  publisher = {Taylor \& Francis},
}

@Article{Bildea2004Design,
  author    = {Costin S. Bildea and Alexandre C. Dimian and Susana C. Cruz and Piet D. Iedema},
  journal   = {Computers \& chemical engineering},
  title     = {Design of tubular reactors in recycle systems},
  year      = {2004},
  issn      = {0098-1354},
  number    = {1-2},
  pages     = {63-72},
  volume    = {28},
  doi       = {10.1016/s0098-1354(03)00170-4},
  publisher = {Elsevier BV},
}

@Article{Bitzer2002Design,
  author    = {Bitzer, Matthias and Zeitz, Michael},
  journal   = {Journal of process control},
  title     = {Design of a nonlinear distributed parameter observer for a pressure swing adsorption plant},
  year      = {2002},
  issn      = {0959-1524},
  number    = {4},
  pages     = {533--543},
  volume    = {12},
  doi       = {10.1016/s0959-1524(01)00019-1},
  publisher = {Elsevier},
}

@Article{Bizon2008POD,
  author    = {Bizon, Katarzyna and Continillo, Gaetano and Russo, Lucia and Smula, Joanna},
  journal   = {Computers \& Chemical Engineering},
  title     = {On {POD} reduced models of tubular reactor with periodic regimes},
  year      = {2008},
  issn      = {0098-1354},
  number    = {6},
  pages     = {1305--1315},
  volume    = {32},
  doi       = {10.1016/j.compchemeng.2007.06.004},
  publisher = {Elsevier},
}

@Article{Boskovic2002Backstepping,
  author    = {Dejan M. Bošković and Miroslav Krstić},
  journal   = {Computers \& chemical engineering},
  title     = {Backstepping control of chemical tubular reactors},
  year      = {2002},
  issn      = {0098-1354},
  number    = {7-8},
  pages     = {1077-1085},
  volume    = {26},
  doi       = {10.1016/s0098-1354(02)00026-1},
  publisher = {Elsevier BV},
}

@Article{Bonis2012linear,
  author    = {Bonis, Ioannis and Xie, Weiguo and Theodoropoulos, Constantinos},
  journal   = {AIChE Journal},
  title     = {A linear model predictive control algorithm for nonlinear large-scale distributed parameter systems},
  year      = {2012},
  issn      = {0959-1524},
  number    = {3},
  pages     = {801--811},
  volume    = {58},
  doi       = {10.1016/j.jprocont.2015.07.009},
  publisher = {Wiley Online Library},
}

@Article{Christofides1997Finite,
  author    = {Panagiotis D. Christofides and Prodromos Daoutidis},
  journal   = {Journal of Mathematical Analysis and Applications},
  title     = {Finite-dimensional control of parabolic {PDE} systems using approximate inertial manifolds},
  year      = {1997},
  issn      = {0022-247X},
  number    = {2},
  pages     = {398-420},
  volume    = {216},
  doi       = {10.1006/jmaa.1997.5649},
  publisher = {Elsevier BV},
}

@Article{Cohen1974Tubular,
  author    = {Donald S. Cohen and Aubrey B. Poore},
  journal   = {SIAM Journal on Applied Mathematics},
  title     = {Tubular Chemical Reactors: The “Lumping Approximation” and Bifurcation of Oscillatory States},
  year      = {1974},
  issn      = {0036-1399},
  number    = {3},
  pages     = {416-429},
  volume    = {27},
  doi       = {10.1137/0127032},
  publisher = {Society for Industrial \& Applied Mathematics (SIAM)},
}

@Article{Curtain1982Finite,
  author    = {Curtain, Ruth},
  journal   = {IEEE Transactions on Automatic Control},
  title     = {Finite-dimensional compensator design for parabolic distributed systems with point sensors and boundary input},
  year      = {1982},
  issn      = {0018-9286},
  number    = {1},
  pages     = {98--104},
  volume    = {27},
  doi       = {10.1109/tac.1982.1102875},
  publisher = {IEEE},
}

@Article{Dochain2018Analysis,
  author    = {Dochain, Denis},
  journal   = {Computers \& Chemical Engineering},
  title     = {Analysis of the multiplicity of steady-state profiles of two tubular reactor models},
  year      = {2018},
  issn      = {0098-1354},
  pages     = {318--324},
  volume    = {114},
  doi       = {10.1016/j.compchemeng.2017.10.028},
  publisher = {Elsevier},
}

@Article{Dufour2003nonlinear,
  author    = {Dufour, Pascal and Tour{\'e}, Youssoufi and Blanc, Denise and Laurent, Pierre},
  journal   = {Computers \& chemical engineering},
  title     = {On nonlinear distributed parameter model predictive control strategy: on-line calculation time reduction and application to an experimental drying process},
  year      = {2003},
  issn      = {0098-1354},
  number    = {11},
  pages     = {1533--1542},
  volume    = {27},
  doi       = {10.1016/s0098-1354(03)00099-1},
  publisher = {Elsevier},
}

@Book{Franklin1998Digital,
  author    = {Gene F Franklin and J David Powell and Michael L Workman and others},
  publisher = {Addison-wesley Menlo Park},
  title     = {Digital control of dynamic systems},
  year      = {1998},
  volume    = {3},
}

@Article{Georgakis1977Studies,
  author    = {C. Georgakis and R. Aris and Neal R. Amundson},
  journal   = {Chemical Engineering Science},
  title     = {Studies in the control of tubular reactors-{I} general considerations},
  year      = {1977},
  issn      = {0009-2509},
  number    = {11},
  pages     = {1359--1369},
  volume    = {32},
  doi       = {10.1016/0009-2509(77)85032-x},
  publisher = {Elsevier},
}

@Article{Hastir2020Analysis,
  author    = {Anthony Hastir and Francois Lamoline and Joseph J. Winkin and Denis Dochain},
  journal   = {IEEE Transactions on Automatic Control},
  title     = {Analysis of the Existence of Equilibrium Profiles in Nonisothermal Axial Dispersion Tubular Reactors},
  year      = {2020},
  issn      = {0018-9286},
  number    = {4},
  pages     = {1525-1536},
  volume    = {65},
  doi       = {10.1109/tac.2019.2921675},
  publisher = {Institute of Electrical and Electronics Engineers (IEEE)},
}

@Article{Heinemann1982effect,
  author    = {Robert F. Heinemann and Aubrey B. Poore},
  journal   = {Chemical Engineering Science},
  title     = {The effect of activation energy on tubular reactor multiplicity},
  year      = {1982},
  issn      = {0009-2509},
  number    = {1},
  pages     = {128-131},
  volume    = {37},
  doi       = {10.1016/0009-2509(82)80079-1},
  publisher = {Elsevier BV},
}

@Article{Hlavacˇek1970Modeling,
  author    = {V. Hlavácˇek and H. Hofmann},
  journal   = {Chemical Engineering Science},
  title     = {Modeling of chemical reactors—{XVII} Steady state axial heat and mass transfer in tubular reactors numerical investigation of multiplicity},
  year      = {1970},
  issn      = {0009-2509},
  number    = {1},
  pages     = {187-199},
  volume    = {25},
  doi       = {10.1016/0009-2509(70)85031-x},
  publisher = {Elsevier BV},
}

@Article{Hlavacˇek1970Modelinga,
  author    = {V. Hlavácˇek and H. Hofmann},
  journal   = {Chemical Engineering Science},
  title     = {Modeling of chemical reactors—{XVI} Steady state axial heat and mass transfer in tubular reactors An analysis of the uniqueness of solutions},
  year      = {1970},
  issn      = {0009-2509},
  number    = {1},
  pages     = {173-185},
  volume    = {25},
  doi       = {10.1016/0009-2509(70)85030-8},
  publisher = {Elsevier BV},
}

@Article{Kazantzis1999Energy,
  author    = {Kazantzis, Nikolaos and Kravaris, Costas},
  journal   = {Chemical engineering science},
  title     = {Energy-predictive control: a new synthesis approach for nonlinear process control},
  year      = {1999},
  issn      = {0009-2509},
  number    = {11},
  pages     = {1697--1709},
  volume    = {54},
  doi       = {10.1016/s0009-2509(98)00499-0},
  publisher = {Elsevier},
}

@Article{Liu2004use,
  author    = {Yi Liu and Elling W. Jacobsen},
  journal   = {Computers \& Chemical Engineering},
  title     = {On the use of reduced order models in bifurcation analysis of distributed parameter systems},
  year      = {2004},
  issn      = {0098-1354},
  number    = {1-2},
  pages     = {161-169},
  volume    = {28},
  doi       = {10.1016/s0098-1354(03)00183-2},
  publisher = {Elsevier BV},
}

@Article{Luss1967Stability,
  author    = {Dan Luss and Neal R. Amundson},
  journal   = {AIChE Journal},
  title     = {Stability of loop reactors},
  year      = {1967},
  issn      = {0001-1541},
  number    = {2},
  pages     = {279-290},
  volume    = {13},
  doi       = {10.1002/aic.690130218},
  publisher = {Wiley},
}

@Article{Marwaha2003Hot,
  author    = {B. Marwaha and D. Luss},
  journal   = {Chemical Engineering Science},
  title     = {Hot zones formation in packed bed reactors},
  year      = {2003},
  issn      = {0009-2509},
  number    = {3-6},
  pages     = {733-738},
  volume    = {58},
  doi       = {10.1016/s0009-2509(02)00602-4},
  publisher = {Elsevier BV},
}

@Article{Mayne2014Model,
  author    = {David Q. Mayne},
  journal   = {Automatica},
  title     = {Model predictive control: Recent developments and future promise},
  year      = {2014},
  issn      = {0005-1098},
  number    = {12},
  pages     = {2967-2986},
  volume    = {50},
  doi       = {10.1016/j.automatica.2014.10.128},
  publisher = {Elsevier BV},
}

@Article{Muske1993Model,
  author    = {Kenneth R. Muske and James B. Rawlings},
  journal   = {AIChE Journal},
  title     = {Model predictive control with linear models},
  year      = {1993},
  issn      = {0001-1541},
  number    = {2},
  pages     = {262-287},
  volume    = {39},
  doi       = {10.1002/aic.690390208},
  publisher = {Wiley},
}

@Book{Rawlings2017Model,
  author    = {James Blake Rawlings and David Q Mayne and Moritz Diehl and others},
  publisher = {Nob Hill Publishing Madison, WI},
  title     = {Model predictive control: theory, computation, and design},
  year      = {2017},
  volume    = {2},
}

@InCollection{Varma1977Stirred,
  author    = {A. Varma and R. Aris},
  booktitle = {Chemical Reactor Theory},
  publisher = {Prentice-Hall Englewood Cliffs, New Jersey},
  title     = {Stirred pots and empty tubes},
  year      = {1977},
  pages     = {79--154},
}

@Article{Xie2019Observer,
  author    = {Xie, Junyao and Xu, Qingqing and Ni, Dong and Dubljevic, Stevan},
  journal   = {European Journal of Control},
  title     = {Observer and filter design for linear transport-reaction systems},
  year      = {2019},
  issn      = {0947-3580},
  pages     = {26--43},
  volume    = {49},
  doi       = {10.1016/j.ejcon.2019.01.005},
  publisher = {Elsevier},
}

@Article{Havu2007Cayley,
  author    = {Havu, Ville and Malinen, Jarmo},
  journal   = {Numerical Functional Analysis and Optimization},
  title     = {The {Cayley} transform as a time discretization scheme},
  year      = {2007},
  issn      = {0163-0563},
  number    = {7-8},
  pages     = {825--851},
  volume    = {28},
  doi       = {10.1080/01630560701493321},
  publisher = {Taylor \& Francis},
}

@Article{Xu2017Linear,
  author    = {Xu, Qingqing and Dubljevic, Stevan},
  journal   = {AIChE Journal},
  title     = {Linear model predictive control for transport-reaction processes},
  year      = {2017},
  issn      = {0001-1541},
  number    = {7},
  pages     = {2644--2659},
  volume    = {63},
  doi       = {10.1002/aic.15592},
  publisher = {Wiley Online Library},
}

@Article{Hairer2006Geometric,
  author    = {Hairer, Ernst and Hochbruck, Marlis and Iserles, Arieh and Lubich, Christian},
  journal   = {Oberwolfach Reports},
  title     = {Geometric numerical integration},
  year      = {2006},
  issn      = {1660-8933},
  number    = {1},
  pages     = {805--882},
  volume    = {3},
  doi       = {10.4171/owr/2011/16},
  publisher = {European Mathematical Society - EMS - Publishing House GmbH},
}


@Article{Dochain2000State,
  author    = {Dochain, Denis},
  journal   = {Journal of process control},
  title     = {State observers for tubular reactors with unknown kinetics},
  year      = {2000},
  issn      = {0959-1524},
  number    = {2-3},
  pages     = {259--268},
  volume    = {10},
  doi       = {10.1016/s0959-1524(99)00020-7},
  publisher = {Elsevier},
}

@Article{Dochain2001State,
  author    = {Dochain, Denis},
  journal   = {International Journal of Adaptive Control and Signal Processing},
  title     = {State observation and adaptive linearizing control for distributed parameter (bio) chemical reactors},
  year      = {2001},
  issn      = {0890-6327},
  number    = {6},
  pages     = {633-653},
  volume    = {15},
  doi       = {10.1002/acs.691},
  publisher = {Wiley Online Library},
}

@Article{Alonso2004Optimal,
  author    = {Antonio A. Alonso and Ioannis G. Kevrekidis and Julio R. Banga and Christos E. Frouzakis},
  journal   = {Computers \& chemical engineering},
  title     = {Optimal sensor location and reduced order observer design for distributed process systems},
  year      = {2004},
  issn      = {0098-1354},
  number    = {1-2},
  pages     = {27-35},
  volume    = {28},
  doi       = {10.1016/s0098-1354(03)00175-3},
  publisher = {Elsevier BV},
}

@Article{Hiratsuka1969Optimal,
  author    = {Hiratsuka, S. and Ichikawa, A.},
  journal   = {IEEE Transactions on Automatic Control},
  title     = {Optimal control of systems with transportation lags},
  year      = {1969},
  issn      = {0018-9286},
  number    = {3},
  pages     = {237-247},
  volume    = {14},
  doi       = {10.1109/TAC.1969.1099175},
  keywords  = {Optimal control;Transportation;Differential equations;Delay effects;Partial differential equations;Control systems;Difference equations;Calculus;Linear systems;Laboratories},
  publisher = {Institute of Electrical and Electronics Engineers (IEEE)},
}

@Article{Ali2015Review,
  author    = {Jarinah Mohd Ali and N. Ha Hoang and M. A. Hussain and Denis Dochain},
  journal   = {Computers \& Chemical Engineering},
  title     = {Review and classification of recent observers applied in chemical process systems},
  year      = {2015},
  issn      = {0098-1354},
  pages     = {27-41},
  volume    = {76},
  doi       = {10.1016/j.compchemeng.2015.01.019},
  publisher = {Elsevier BV},
}

@Article{Moadeli2025advanced,
  author    = {Moadeli, Behrad and Dubljevic, Stevan},
  journal   = {The Canadian Journal of Chemical Engineering},
  title     = {Advanced Control of Non-Isothermal Axial Dispersion Tubular Reactors with Recycle-Induced State Delay},
  year      = {2025},
  issn      = {},
  number    = {},
  pages     = {},
  volume    = {},
  doi       = {},
  publisher = {Wiley Online Library},
  note      = {Under review}
}

@INPROCEEDINGS{Moadeli2025Model,
  author    = {Moadeli, Behrad and Dubljevic, Stevan},
  booktitle = {2025 American Control Conference (ACC)},
  title     = {Model Predictive Control of Axial Dispersion Tubular Reactors with Recycle: Addressing State-delay through Transport {PDE}s},
  year      = {2025},
  note      = {In Press},
  address   = {Denver, CO, USA},
}

@INPROCEEDINGS{Moadeli2025Observer,
  author    = {Moadeli, Behrad and Dubljevic, Stevan},
  booktitle = {2025 European Control Conference (ECC)},
  title     = {Observer-based {MPC} Design of an Axial Dispersion Tubular Reactor: Addressing Recycle Delays through Transport {PDE}s},
  year      = {2025},
  note      = {In Press},
  address   = {Thessaloniki, Greece},
}

@InProceedings{Moadeli2023Optimal,
  author        = {Moadeli, Behrad and Cassol, Guilherme Ozorio and Dubljevic, Stevan},
  title         = {Optimal control of an axial dispersion tubular reactor with delayed recycle},
  booktitle     = {2023 CSChE Annual Meeting},
  year          = {2023},
  organization  = {Canadian Society for Chemical Engineers (CSChE)},
  address       = {Calgary, AB, Canada}
}

@InProceedings{Moadeli2023Model,
  author        = {Moadeli, Behrad and Cassol, Guilherme Ozorio and Dubljevic, Stevan},
  title         = {Model Predictive Control of an Axial Dispersion Tubular Reactor with Recycle: A Distributed Parameter System with State Delay},
  booktitle     = {2023 AIChE Annual Meeting},
  year          = {2023},
  organization  = {American Institute of Chemical Engineers (AIChE)},
  address       = {Orlando, FL, USA}
}